<?xml version="1.0" encoding="UTF-8"?>
<collection xmlns:xsi="http://www.w3.org/2001/XMLSchema-instance" xsi:schemaLocation="http://www.loc.gov/MARC21/slim http://www.loc.gov/standards/marcxml/schema/MARC21slim.xsd" xmlns="http://www.loc.gov/MARC21/slim">
<record>
  <leader>00718cam a22001931  4500</leader>
  <controlfield tag="001">3067057</controlfield>
  <controlfield tag="003">NNC</controlfield>
  <controlfield tag="005">20140922164725.0</controlfield>
  <controlfield tag="008">010816s1963    sy            000 0 ara d</controlfield>
  <datafield tag="035" ind1=" " ind2=" ">
    <subfield code="a">(OCoLC)ocm47789961</subfield>
  </datafield>
  <datafield tag="035" ind1=" " ind2=" ">
    <subfield code="9">ATN9452CU</subfield>
  </datafield>
  <datafield tag="035" ind1=" " ind2=" ">
    <subfield code="a">(NNC)3067057</subfield>
  </datafield>
  <datafield tag="040" ind1=" " ind2=" ">
    <subfield code="a">ZCU</subfield>
    <subfield code="c">ZCU</subfield>
  </datafield>
  <datafield tag="099" ind1=" " ind2=" ">
    <subfield code="a">893.4B47</subfield>
    <subfield code="a">O1313</subfield>
  </datafield>
  <datafield tag="130" ind1="0" ind2=" ">
    <subfield code="a">Fables of Bidpai.</subfield>
  </datafield>
  <datafield tag="245" ind1="1" ind2="0">
    <subfield code="a">Kalīla wa-Dimnah,</subfield>
    <subfield code="b">taʾlf̄ al-faylasūf al-Hindī Bīdbā, taʻrīb ʻAbd-Allāh ibn al-Muqaffaʻ, iʻtanā biḍabtihī watafsīr mushkilihī washarḥ ghawā-miḍihī waʾikhrāj ṭibāʻatihī wa-al-taqdīm lahū: Muḥammad Khayr al-Darʻ.</subfield>
  </datafield>
  <datafield tag="260" ind1=" " ind2=" ">
    <subfield code="a">Dimashq,</subfield>
    <subfield code="b">al-Maktabah al-Umaweiyah</subfield>
    <subfield code="c">[1963]</subfield>
  </datafield>
  <datafield tag="300" ind1=" " ind2=" ">
    <subfield code="a">360 p.</subfield>
  </datafield>
  <datafield tag="955" ind1=" " ind2=" ">
    <subfield code="b">0039189570</subfield>
    <subfield code="d">glx</subfield>
    <subfield code="e">893.4B47 O1313</subfield>
  </datafield>
</record>
</collection>